@misc{WinNT,
	title = {Capitulo 11: Propiedades de las funciones de Bessel},
	howpublished = {\url{https://ifisc.uib-csic.es/users/raul/CURSOS/ED1/c11.pdf}},
	note = {Accedio por Ãºltima vez: 2012-10-25}
}