@book{stevenstrogatz2019,
 Author = {Steven Strogatz},
 title = {Infinite Powers: How Calculus Reveals the Secrets of the Universe},
 description = {Infinite Powers: How Calculus Reveals the Secrets of the Universe (Book, 2019)},
 publisher = {Houghton Mifflin Harcourt},
 interhash = {899dae2d03715985f125351b41abb8be},
 intrahash = {8f8e07fa8d6c9a6fd91009d6e0b67d1e},
 year = {2019},
 month = {apr},
 isbn = {1328879984},
 url = {https://www.xarg.org/ref/a/1328879984/}
}

@book{raymondserway2013,
 Author = {Raymond A. Serway},
 title = {Physics for Scientists and Engineers},
 description = {Physics for Scientists and Engineers (Book, 2013)},
 publisher = {Cengage Learning},
 interhash = {5b16f0c9e01ff92b20bd659ddc72c697},
 intrahash = {2c1d901d34dd93cd01e4edd5ec405dc9},
 year = {2013},
 month = {jan},
 isbn = {1133947271},
 url = {https://www.xarg.org/ref/a/1133947271/}
}

@article{Fleming1999,
  doi = {10.1016/s0160-9327(99)01210-7},
  url = {https://doi.org/10.1016/s0160-9327(99)01210-7},
  year = {1999},
  month = jan,
  publisher = {Elsevier {BV}},
  volume = {23},
  number = {2},
  pages = {72--75},
  author = {James R. Fleming},
  title = {Joseph Fourier,  the `greenhouse effect',  and the quest for a universal theory of terrestrial temperatures},
  journal = {Endeavour}
}

@book{GrattanGuinness2005,
  doi = {10.1016/b978-044450871-3/50107-8},
  url = {https://doi.org/10.1016/b978-044450871-3/50107-8},
  year = {2005},
  publisher = {Elsevier},
  pages = {354--365},
  author = {I. Grattan-Guinness},
  title = {Joseph Fourier,  Th√©orie analytique de la chaleur (1822)},
  booktitle = {Landmark Writings in Western Mathematics 1640-1940}
}

@book{Salsa2016,
  doi = {10.1007/978-3-319-31238-5},
  url = {https://doi.org/10.1007/978-3-319-31238-5},
  year = {2016},
  publisher = {Springer International Publishing},
  author = {Sandro Salsa},
  title = {Partial Differential Equations in Action}
}