@book{Stokes_2011, place={London}, title={Philosophy: the world’s greatest thinkers.}, ISBN={9781848378506}, publisher={Arcturus}, author={Stokes, Raymond G}, year={2011} }

@article{Cervio_2014, title={Anaximandro}, url={http://doi.org/10.17421/2035_8326_2014_PCV_1-1}, DOI={10.17421/2035_8326_2014_PCV_1-1}, number={80}, journal={Philosophica: Enciclopedia filosófica online}, author={Cervio, Pedro}, year={2014}, month={Mar} }

@article{Nunez_2005, title={Creating mathematical infinities: Metaphor, blending, and the beauty of transfinite cardinals}, volume={37}, url={https://linkinghub.elsevier.com/retrieve/pii/S0378216605000639}, DOI={10.1016/j.pragma.2004.09.013}, number={10}, journal={Journal of Pragmatics}, author={Núñez, Rafael E.}, year={2005}, pages={1717–1741} }

@article{Waterhouse_1979, title={Gauss on infinity}, volume={6}, url={https://linkinghub.elsevier.com/retrieve/pii/0315086079900296}, DOI={10.1016/0315-0860(79)90029-6}, number={4}, journal={Historia Mathematica}, author={Waterhouse, William C}, year={1979}, pages={430–436} }

@book{Thomas_Rowan_MacInerny_1999, place={Notre Dame, Ind}, edition={Revised ed., [2. Nachdr.]}, series={Aristotelian commentary series}, title={Commentary on Aristotle’s Metaphysics}, ISBN={9781883357757 9781883357764}, publisher={Dumb Ox Books}, author={Thomas and Rowan, John P. and MacInerny, Ralph}, year={1999}, collection={Aristotelian commentary series} }

@book{Thiele_2005, title={Georg Cantor (1845–1918)}, ISBN={9780444503282}, url={https://linkinghub.elsevier.com/retrieve/pii/B9780444503282500308}, DOI={10.1016/B978-044450328-2/50030-8}, booktitle={Mathematics and the Divine}, publisher={Elsevier}, author={Thiele, Rüdiger}, year={2005}, pages={523–547} }

@book{Strogatz_2019, place={Boston}, title={Infinite powers: how calculus reveals the secrets of the universe}, ISBN={9781328879981}, publisher={Houghton Mifflin Harcourt}, author={Strogatz, Steven H.}, year={2019} }

@article{Napolitani_2013, title={Between myth and mathematics: the vicissitudes of Archimedes and his work}, volume={1}, url={http://link.springer.com/10.1007/s40329-013-0021-1}, DOI={10.1007/s40329-013-0021-1}, number={3}, journal={Lettera Matematica}, author={Napolitani, Pier Daniele}, year={2013}, pages={105–112} }
